@book{DBLP:books/daglib/0066902,
  author    = {Marvin Minsky and
               Seymour Papert},
  title     = {Perceptrons - an introduction to computational geometry},
  publisher = {{MIT} Press},
  year      = {1987},
  isbn      = {978-0-262-63111-2},
  timestamp = {Thu, 05 May 2011 16:48:09 +0200},
  biburl    = {http://dblp.uni-trier.de/rec/bib/books/daglib/0066902},
  bibsource = {dblp computer science bibliography, http://dblp.org}
}
@incollection{nnfml-lecture2,
  title     = {Lecture 2: What perceptrons can't do},
  booktitle = {Neural Networks for Machine Learning},
  author    = {Geoffrey Hinton and 
               Nitish Srivastava and
               Kevin Swersky},
  institution = {University of Toronto},
  url       = {https://www.coursera.org/learn/neural-networks/supplement/8Whev/lecture-slides-and-resources},
  publisher = {Coursera}
}